<record xmlns="http://www.loc.gov/MARC21/slim" xmlns:xsi="http://www.w3.org/2001/XMLSchema-instance" xsi:schemaLocation="http://www.loc.gov/MARC21/slim http://www.loc.gov/standards/marcxml/schema/MARC21slim.xsd"><leader>02595nam a2200469   4500</leader><controlfield tag="001">3071249</controlfield><controlfield tag="003">NNC</controlfield><controlfield tag="006">m        d        </controlfield><controlfield tag="007">cr cn |||m|||a</controlfield><controlfield tag="008">150110s1964    iq      ob    000 0 ara  </controlfield><datafield ind1=" " ind2=" " tag="040"><subfield code="a">NNU</subfield><subfield code="b">eng</subfield><subfield code="e">rda</subfield><subfield code="c">NNU</subfield></datafield><datafield ind1="0" ind2="4" tag="050"><subfield code="a">PJ7545</subfield><subfield code="b">.J8</subfield></datafield><datafield ind1="1" ind2=" " tag="100"><subfield code="6">880-01</subfield><subfield code="a">Jubu&#772;ri&#772;, Yah&#803;ya&#769;.</subfield></datafield><datafield ind1="1" ind2="0" tag="245"><subfield code="6">880-02</subfield><subfield code="a">Shi&#699;r al-mukhad&#803;rami&#772;n wa-athar al-Isla&#772;m fi&#772;h /</subfield><subfield code="c">[ta&#700;li&#772;f] Yah&#803;ya&#769; al-Jubu&#772;ri&#772; ; qaddama lahu Muh&#803;ammad T&#803;a&#772;ha&#772; al-H&#803;a&#772;jiri&#772;.</subfield></datafield><datafield ind1=" " ind2=" " tag="250"><subfield code="6">880-03</subfield><subfield code="a">[al-T&#803;ab&#699;ah 1.].</subfield></datafield><datafield ind1=" " ind2=" " tag="260"><subfield code="6">880-04</subfield><subfield code="a">Baghda&#772;d :</subfield><subfield code="b">Maktabat al-Nahd&#803;ah,</subfield><subfield code="c">[1964]</subfield></datafield><datafield ind1=" " ind2=" " tag="300"><subfield code="a">online resource (7, 452 pages)</subfield></datafield><datafield ind1=" " ind2=" " tag="336"><subfield code="a">text</subfield><subfield code="2">rdacontent</subfield></datafield><datafield ind1=" " ind2=" " tag="337"><subfield code="a">computer</subfield><subfield code="2">rdamedia</subfield></datafield><datafield ind1=" " ind2=" " tag="338"><subfield code="a">online resource</subfield><subfield code="2">rdacarrier</subfield></datafield><datafield ind1=" " ind2=" " tag="500"><subfield code="6">880-05</subfield><subfield code="a">Risa&#772;lat al-ma&#772;jisti&#772;r- Ja&#772;mi&#699;at al-Iskandari&#772;yah.</subfield></datafield><datafield ind1=" " ind2=" " tag="500"><subfield code="a">Part of the Arabic Collections Online (ACO) project, contributed by Columbia University Libraries.</subfield></datafield><datafield ind1=" " ind2=" " tag="504"><subfield code="a">Includes bibliographical references (pages 377-384).</subfield></datafield><datafield ind1=" " ind2=" " tag="533"><subfield code="a">Electronic reproduction.</subfield><subfield code="b">New York, N.Y. :</subfield><subfield code="c">New York University,</subfield><subfield code="d">2015.</subfield><subfield code="5">NNU</subfield></datafield><datafield ind1=" " ind2="0" tag="650"><subfield code="a">Arabic poetry</subfield><subfield code="x">History and criticism.</subfield></datafield><datafield ind1=" " ind2="7" tag="650"><subfield code="a">Arabic poetry.</subfield><subfield code="2">fast</subfield><subfield code="0">(OCoLC)fst00812533</subfield></datafield><datafield ind1=" " ind2="7" tag="655"><subfield code="a">Criticism, interpretation, etc.</subfield><subfield code="2">fast</subfield><subfield code="0">(OCoLC)fst01411635</subfield></datafield><datafield ind1="1" ind2=" " tag="700"><subfield code="6">880-06</subfield><subfield code="a">H&#803;a&#772;jiri&#772;, Muh&#803;ammad T&#803;a&#772;ha&#772;.</subfield></datafield><datafield ind1="2" ind2=" " tag="710"><subfield code="a">Columbia University.</subfield><subfield code="b">Libraries.</subfield></datafield><datafield ind1="0" ind2=" " tag="730"><subfield code="a">Arabic Collections Online.</subfield></datafield><datafield ind1="0" ind2="8" tag="776"><subfield code="i">Online version:</subfield><subfield code="a">Jubu&#772;ri&#772;, Yah&#803;ya&#769;.</subfield><subfield code="t">Shi&#699;r al-mukhad&#803;rami&#772;n wa-athar al-Isla&#772;m fi&#772;h.</subfield><subfield code="b">[al-T&#803;ab&#699;ah 1.].</subfield><subfield code="d">Baghda&#772;d : Maktabat al-Nahd&#803;ah, [1964]</subfield><subfield code="w">(OCoLC)584091199</subfield></datafield><datafield ind1="0" ind2="8" tag="776"><subfield code="i">Online version:</subfield><subfield code="a">Jubu&#772;ri&#772;, Yah&#803;ya&#769;.</subfield><subfield code="t">Shi&#699;r al-mukhad&#803;rami&#772;n wa-athar al-Isla&#772;m fi&#772;h.</subfield><subfield code="b">[al-T&#803;ab&#699;ah 1.].</subfield><subfield code="d">Baghda&#772;d : Maktabat al-Nahd&#803;ah, [1964]</subfield><subfield code="w">(OCoLC)604073935</subfield></datafield><datafield ind1="0" ind2="8" tag="776"><subfield code="i">Print version:</subfield><subfield code="a">Jubu&#772;ri&#772;, Yah&#803;ya&#769;.</subfield><subfield code="t">Shi&#699;r al-mukhad&#803;rami&#772;n wa-athar al-Isla&#772;m fi&#772;h</subfield><subfield code="w">(NNC)3071249</subfield><subfield code="w">(DLC)ne 65001157 </subfield><subfield code="w">(OCoLC)8961380</subfield></datafield><datafield ind1="4" ind2="0" tag="856"><subfield code="u">http://hdl.handle.net/2333.1/x69p8fxm</subfield></datafield><datafield ind1="1" ind2=" " tag="880"><subfield code="6">100-01/r</subfield><subfield code="a">&#1580;&#1576;&#1608;&#1585;&#1610;&#1548; &#1610;&#1581;&#1610;&#1610;.</subfield></datafield><datafield ind1="1" ind2="0" tag="880"><subfield code="6">245-02/r</subfield><subfield code="a">&#1588;&#1593;&#1585; &#1575;&#1604;&#1605;&#1582;&#1590;&#1585;&#1605;&#1610;&#1606; &#1608;&#1575;&#1579;&#1585; &#1575;&#1604;&#1575;&#1587;&#1604;&#1575;&#1605; &#1601;&#1610;&#1607; /</subfield><subfield code="c">[&#1578;&#1571;&#1604;&#1610;&#1601;] &#1610;&#1581;&#1610;&#1610; &#1575;&#1604;&#1580;&#1576;&#1608;&#1585;&#1610; &#1563; &#1602;&#1583;&#1605; &#1604;&#1607; &#1605;&#1581;&#1605;&#1583; &#1591;&#1607; &#1575;&#1604;&#1581;&#1575;&#1580;&#1585;&#1610;.</subfield></datafield><datafield ind1=" " ind2=" " tag="880"><subfield code="6">250-03/r</subfield><subfield code="a">[&#1575;&#1604;&#1591;&#1576;&#1593;&#1577; 1.].</subfield></datafield><datafield ind1=" " ind2=" " tag="880"><subfield code="6">260-04/r</subfield><subfield code="a">&#1576;&#1594;&#1583;&#1575;&#1583; :</subfield><subfield code="b">&#1605;&#1603;&#1578;&#1576;&#1577; &#1575;&#1604;&#1606;&#1607;&#1590;&#1577;&#1548;</subfield><subfield code="c">[1964]</subfield></datafield><datafield ind1=" " ind2=" " tag="880"><subfield code="6">500-05/r</subfield><subfield code="a">&#1585;&#1587;&#1575;&#1604;&#1577; &#1575;&#1604;&#1605;&#1575;&#1580;&#1587;&#1578;&#1610;&#1585;- &#1580;&#1575;&#1605;&#1593;&#1577; &#1575;&#1604;&#1575;&#1587;&#1603;&#1606;&#1583;&#1585;&#1610;&#1577;.</subfield></datafield><datafield ind1="1" ind2=" " tag="880"><subfield code="6">700-06/r</subfield><subfield code="a">&#1581;&#1575;&#1580;&#1585;&#1610;&#1548; &#1605;&#1581;&#1605;&#1583; &#1591;&#1607;.</subfield></datafield><datafield ind1=" " ind2=" " tag="959"><subfield code="a">NNU</subfield><subfield code="b">WEB</subfield><subfield code="c">GENI</subfield><subfield code="t">0</subfield><subfield code="m">Electronic access</subfield><subfield code="s">01</subfield></datafield><datafield ind1=" " ind2=" " tag="999"><subfield code="i">NNC_3071249</subfield><subfield code="o">(OCoLC)ocm08961380 </subfield></datafield></record>